<record><leader>00000cas a22000007a 4500</leader><controlfield tag="001">23118013</controlfield><controlfield tag="008">910219c19889999couwr ne      0    0eng d</controlfield><datafield ind1=" " ind2=" " tag="010"><subfield code="a">sn 91052124 </subfield></datafield><datafield ind1=" " ind2=" " tag="040"><subfield code="a">CNQ</subfield><subfield code="b">eng</subfield><subfield code="c">CNQ</subfield><subfield code="d">OCLCQ</subfield></datafield><datafield ind1=" " ind2=" " tag="042"><subfield code="a">msc</subfield></datafield><datafield ind1="0" ind2="0" tag="245"><subfield code="a">Lake City silver world.</subfield></datafield><datafield ind1=" " ind2=" " tag="260"><subfield code="a">Lake City, Hinsdale County, Colo. :</subfield><subfield code="b">Silver World Pub. Co.</subfield></datafield><datafield ind1=" " ind2=" " tag="300"><subfield code="a">v.</subfield></datafield><datafield ind1=" " ind2=" " tag="310"><subfield code="a">Weekly</subfield></datafield><datafield ind1="0" ind2=" " tag="362"><subfield code="a">Vol. 11, no. 1 (May 20, 1988)-</subfield></datafield><datafield ind1=" " ind2=" " tag="530"><subfield code="a">Available on microfilm from the Colorado Historical Society.</subfield></datafield><datafield ind1=" " ind2=" " tag="752"><subfield code="a">United States</subfield><subfield code="b">Colorado</subfield><subfield code="c">Hinsdale</subfield><subfield code="d">Lake City.</subfield></datafield><datafield ind1="0" ind2="0" tag="780"><subfield code="t">Silver world (Lake City, Colo. : 1978)</subfield><subfield code="w">(DLC)sn 90051446</subfield></datafield></record>